
@inbook{inbook,
author = {Sati, Vishwani and Márquez-Sánchez, Sergio and Shoeibi, Niloufar and Arora, Ashish and Corchado Rodríguez, Juan},
year = {2020},
month = {09},
pages = {177-185},
title = {Face Detection and Recognition, Face Emotion Recognition Through NVIDIA Jetson Nano},
isbn = {978-3-030-58355-2},
doi = {10.1007/978-3-030-58356-9_18}
}

@article{article,
author = {Salih, Thair and Gh, Mohammad},
year = {2020},
month = {11},
pages = {032051},
title = {A novel Face Recognition System based on Jetson Nano developer kit},
volume = {928},
journal = {IOP Conference Series: Materials Science and Engineering},
doi = {10.1088/1757-899X/928/3/032051}
}

@misc{mdpi,
  author = {Insaf Adjabi, Abdeldjalil Ouahabi, Amir Benzaoui and Abdelmalik Taleb-Ahmed},
  title = {Past, Present, and Future of Face Recognition: A Review},
  year = {2020},
  howpublished = {\url{https://www.mdpi.com/2079-9292/9/8/1188}},
  note = {Accessed: 2020-06-19}
}

@misc{opencv,
  author = {OpenCV},
  title = {OpenCV Face Detection},
  year = {2023},
  howpublished = {\url{https://docs.opencv.org/3.4/da/d60/tutorial_face_main.html}},
  note = {Accessed: 2023-06-19}
}